% !Mode:: "TeX:UTF-8"

@BOOK{BaoTaiLei2008,
  AUTHOR =       {包太雷},
  editor =       {},
  TITLE =        {\LaTeX{} Notes (v2.0), 雷太赫排版系统简介},
  PUBLISHER =    {一品文化教育},
  YEAR =         {2010},
  volume =       {},
  number =       {},
  series =       {},
  address =      {},
  edition =      {},
  month =        {},
  note =         {},
  abstract =     {},
  isbn =         {},
  price =        {},
  keywords =     {},
  source =       {},
  language =     {chinese},
  englishnames = {Bao, Tailei},
}

@BOOK{OetikerPartlHynaSchlegl2007,
  AUTHOR =       {Oetiker, Tobias and Partl, Hubert and Hyna, Irene and Schlegl, Elisabeth},
  editor =       {},
  TITLE =        {一份不太简短的 \LaTeX{}2$\varepsilon$ 介绍 (中译版 v4.20)},
  PUBLISHER =    {中文 \TeX{} 学会},
  YEAR =         {2007},
  volume =       {},
  number =       {},
  series =       {},
  address =      {},
  edition =      {},
  month =        {},
  note =         {},
  abstract =     {},
  isbn =         {},
  price =        {},
  keywords =     {},
  source =       {},
  language =     {chinese},
  englishnames = {OetikerPartlHynaSchlegl},
}

@BOOK{Leslie1994,
  AUTHOR =       {Lamport, Leslie},
  editor =       {},
  TITLE =        {\LaTeX{}: A Document Preparation System},
  PUBLISHER =    {Addison-Wesley, Reading},
  YEAR =         {1994},
  volume =       {},
  number =       {},
  series =       {},
  address =      {Massachusetts},
  edition =      {2},
  month =        {},
  note =         {},
  abstract =     {},
  isbn =         {0-201-52983-1},
  price =        {},
  keywords =     {},
  source =       {},
}

@BOOK{Knuth1984,
  AUTHOR =       {Knuth, Donald E.},
  editor =       {},
  TITLE =        {The \TeX{} book, {V}olume {A} of {C}omputers and {T}ypesetting},
  PUBLISHER =    {Addison-Wesley, Reading},
  YEAR =         {1984},
  volume =       {},
  number =       {},
  series =       {},
  address =      {Massachusetts},
  edition =      {2},
  month =        {},
  note =         {},
  abstract =     {},
  isbn =         {0-201-13448-9},
  price =        {},
  keywords =     {},
  source =       {},
}

@BOOK{MittelbachGoossensBraamsCarlisleRowley2004,
  AUTHOR =       {Mittelbach, Frank and Goossens, Michel and Braams, Johannes and
                  Carlisle, David and Rowley, Chris},
  editor =       {},
  TITLE =        {The \LaTeX{} Companion},
  PUBLISHER =    {Addison-Wesley, Reading},
  YEAR =         {2004},
  volume =       {},
  number =       {},
  series =       {},
  address =      {Massachusetts},
  edition =      {2},
  month =        {},
  note =         {},
  abstract =     {},
  isbn =         {0-201-36299-6},
  price =        {},
  keywords =     {},
  source =       {},
}

@BOOK{ChenZhiJie2006,
  AUTHOR =       {陈志杰},
  editor =       {},
  TITLE =        {\LaTeX{} 入门与提高},
  PUBLISHER =    {高等教育出版社},
  YEAR =         {2006},
  volume =       {},
  number =       {},
  series =       {},
  address =      {北京},
  edition =      {2},
  month =        {},
  note =         {},
  abstract =     {},
  isbn =         {},
  price =        {},
  keywords =     {},
  source =       {},
  language =     {chinese},
  englishnames = {Chen, Zhijie},
}

@BOOK{HuWei2011,
  AUTHOR =       {胡伟},
  editor =       {},
  TITLE =        {\LaTeX{}2$\varepsilon$ 完全学习手册},
  PUBLISHER =    {清华大学出版社},
  YEAR =         {2011},
  volume =       {},
  number =       {},
  series =       {},
  address =      {北京},
  edition =      {},
  month =        {},
  note =         {},
  abstract =     {},
  isbn =         {},
  price =        {},
  keywords =     {},
  source =       {},
  language =     {chinese},
  englishnames = {Hu, Wei},
}

@ARTICLE{PardouxPeng1990SCL,
  AUTHOR =       {Pardoux, Etienne and Peng, Shige},
  TITLE =        {Adapted solution of a backward stochastic differential equation},
  JOURNAL =      {Systems Control Letters},
  YEAR =         {1990},
  volume =       {14},
  number =       {1},
  pages =        {55--61},
}

@ARTICLE{LepeltierSanMartin1997SPL,
  AUTHOR =       {Lepeltier, Jean-Pierre and San Martin, Jaime},
  TITLE =        {Backward stochastic differential equations with continuous coefficient},
  JOURNAL =      {Statistics and Probability Letters},
  YEAR =         {1997},
  volume =       {32},
  number =       {4},
  pages =        {425--430},
  month =        {},
  note =         {},
  abstract =     {},
  keywords =     {},
  source =       {Elsevier},
}

@ARTICLE{Mao1995SPA,
  AUTHOR =       {Mao, Xuerong},
  TITLE =        {Adapted solutions of backward stochastic differential equations with non-{L}ipschitz coefficients},
  JOURNAL =      {Stochastic Processes and their Applications},
  YEAR =         {1995},
  volume =       {58},
  number =       {2},
  pages =        {281--292},
  month =        {},
  note =         {},
  abstract =     {},
  keywords =     {},
  source =       {Elsevier},
}

@ARTICLE{BriandDelyonHu2003SPA,
  AUTHOR =       {Briand, Philippe and Delyon, Bernard and Hu, Ying and Pardoux, Etienne and Stoica, L.},
  TITLE =        {{$L^p$} solutions of backward stochastic differential equations},
  JOURNAL =      {Stochastic Processes and Their Applications},
  YEAR =         {2003},
  volume =       {108},
  number =       {1},
  pages =        {109--129},
  month =        {},
  note =         {},
  abstract =     {},
  keywords =     {},
  source =       {Elsevier},
}

@ARTICLE{FanLiu2010SPL,
  AUTHOR =       {Fan, Shengjun and Liu, Dequn},
  TITLE =        {A class of {BSDE}s with integrable parameters},
  JOURNAL =      {Statistics and Probability Letters},
  YEAR =         {2010},
  volume =       {80},
  number =       {23},
  pages =        {2024--2031},
  month =        {},
  note =         {},
  abstract =     {},
  keywords =     {},
  source =       {Elsevier},
}
